@inproceedings{6065061,
  author    = {Kouiroukidis, Nikolaos and Evangelidis, Georgios},
  booktitle = {2011 15th Panhellenic Conference on Informatics},
  title     = {The Effects of Dimensionality Curse in High Dimensional kNN Search},
  year      = {2011},
  volume    = {},
  number    = {},
  pages     = {41-45},
  doi       = {10.1109/PCI.2011.45}
} 

@misc{A/S_2015,
  title     = {The home of competitive Counter-Strike},
  url       = {https://www.hltv.org/about},
  journal   = {HLTV.org},
  publisher = {Better Collective A/S},
  author    = {A/S, Better Collective},
  year      = {2015}
} 

@article{Altman_Krzywinski_2018,
  title   = {The curse(s) of Dimensionality},
  volume  = {15},
  doi     = {10.1038/s41592-018-0019-x},
  number  = {6},
  journal = {Nature Methods},
  author  = {Altman, Naomi and Krzywinski, Martin},
  year    = {2018},
  pages   = {399–400}
} 

@misc{B_2023,
  title   = {Karrigan},
  url     = {https://liquipedia.net/counterstrike/Karrigan},
  journal = {Liquipedia Counter-Strike Wiki},
  author  = {B, Martin},
  year    = {2023},
  month   = {11}
} 

@misc{Biazzi_2023,
  title     = {CS2 rostermania: S1mple enters break, cloud9 benches Sh1ro, heroic’s crisis, and more},
  url       = {https://dotesports.com/counter-strike/news/cs2-roster-tracker-all-counter-strike-2-roster-changes-rumors-ahead-of-2024},
  journal   = {Dot Esports},
  publisher = {Dot Esports},
  author    = {Biazzi, Leonardo},
  year      = {2023},
  month     = {Oct}
} 

@misc{Clement_2023,
  title   = {Global Video Game Industry Revenue 2028},
  url     = {https://www.statista.com/statistics/1344668/revenue-video-game-worldwide/},
  journal = {Statista},
  author  = {Clement, J.},
  year    = {2023},
  month   = {11}
}

@misc{Coropration_2012,
  title     = {Counter-strike: Global offensive trailer},
  url       = {https://www.youtube.com/watch?v=edYCtaNueQY},
  journal   = {Counter-Strike: Global Offensive Trailer},
  publisher = {Valve Corporation},
  author    = {Coropration, Valve},
  year      = {2012},
  month     = {8}
} 

@misc{Corporation_2013,
  title   = {DreamHack Winter 2013},
  url     = {https://blog.counter-strike.net/index.php/2013/11/8148/},
  journal = {Counter Strike},
  author  = {Corporation, Valve},
  year    = {2013},
  month   = {11}
} 

@misc{Corporation_2021,
  title   = {Release Notes for 5/3/2021},
  url     = {https://blog.counter-strike.net/index.php/2021/05/34020/},
  journal = {Counter Strike},
  author  = {Corporation, Valve},
  year    = {2021},
  month   = {5}
} 

@misc{Entertainment_2019,
  title     = {Introducing role queue},
  url       = {https://overwatch.blizzard.com/en-gb/news/23060961/introducing-role-queue/},
  journal   = {Overwatch},
  publisher = {Blizzard Entertainment, Inc.},
  author    = {Entertainment, Blizzard},
  year      = {2019},
  month     = {7}
} 

@misc{Henry_2021,
  title   = {A guide to CS:go roles},
  url     = {https://www.pinnacle.com/en/esports-hub/betting-articles/cs-go/a-guide-to-csgo-role/ml2jx57tyd6bxr7z},
  journal = {Pinnacle},
  author  = {Henry, Archie},
  year    = {2021},
  month   = {Jul}
} 

@misc{Klimaschutz_2023,
  title     = {Automobilindustrie},
  url       = {https://www.bmwk.de/Redaktion/DE/Textsammlungen/Branchenfokus/Industrie/branchenfokus-automobilindustrie.html#:~:text=Der%20Jahresumsatz%20der%20deutschen%20Automobilindustrie%20betrug%202021%20rund%20411%20Milliarden%20Euro.},
  journal   = {BMWK},
  publisher = {Bundesministerium für Wirtschaft und Klimaschutz},
  author    = {Bundesministerium für Wirtschaft und Klimaschutz, BMWK},
  year      = {2023}
} 

@misc{Kowert_2014,
  title     = {Unpopular, Overweight, and Socially Inept: Reconsidering the Stereotype of Online Gamers},
  url       = {https://www.liebertpub.com/doi/10.1089/cyber.2013.0118},
  journal   = {Mary Ann Liebert, Inc.},
  publisher = {Cyberpsychology, Behavior, and Social Networking},
  author    = {Kowert, Rachel},
  year      = {2014},
  month     = {3}
} 

@misc{Landsmann_2021,
  title     = {Category:players by role},
  url       = {https://liquipedia.net/counterstrike/Category:Players_by_role},
  journal   = {Liquipedia Counter-Strike Wiki},
  publisher = {Team Liquid},
  author    = {Landsmann, Yannic},
  year      = {2021},
  month     = {8}
}

@misc{Lavrenko_Sutton_2011_knn,
  place     = {Edinburgh},
  title     = {Nearest Neighbours},
  url       = {https://www.inf.ed.ac.uk/teaching/courses/iaml/2011/slides/knn.pdf},
  journal   = {IAML},
  publisher = {Edinburgh},
  author    = {Lavrenko, Victor and Sutton, Charles},
  year      = {2011}
} 

@misc{Lavrenko_Sutton_2011_pca,
  place     = {Edinburgh},
  title     = {Dimensionality and Reduction},
  url       = {https://www.inf.ed.ac.uk/teaching/courses/iaml/2011/slides/pca.pdf},
  journal   = {IAML},
  publisher = {Edinburgh},
  author    = {Lavrenko, Victor and Sutton, Charles},
  year      = {2011}
} 

@misc{Magal_2023,
  url       = {https://github.com/ValveSoftware/counter-strike/blob/main/major-supplemental-rulebook.md#Final-Ranking-RMR},
  journal   = {The CS Supplemental Rulebook},
  publisher = {Valve Corporation},
  author    = {Magal, Ido},
  year      = {2023},
  month     = {11}
} 

@misc{Mclaughlin_2023,
  title     = {All CSGO major champions in history},
  url       = {https://www.dexerto.com/csgo/all-csgo-major-champions-1984002/},
  journal   = {Dexerto},
  publisher = {Dexerto Limited},
  author    = {Mclaughlin, Declan},
  year      = {2023},
  month     = {7}
}

@misc{Milovanovic_2010,
  title   = {What is that rating thing in stats?},
  url     = {https://www.hltv.org/news/4094/what-is-that-rating-thing-in-stats},
  journal = {HLTV.org},
  author  = {Milovanovic, Petar Tgwri1s},
  year    = {2010},
  month   = {Apr}
} 

@misc{Richards_2023,
  title     = {Perfecto: “now we have hobbit as the IGL”},
  url       = {https://www.hltv.org/news/37210/perfecto-now-we-have-hobbit-as-the-igl#:~:text=Cloud9%20has%20switched%20captains%20after,exit%20at%20ESL%20Pro%20League.&amp;text=Ilya%20%22%E2%81%A0Perfecto%E2%81%A0%22%20Zalutskiy,the%20Russian%20squad%20defeated%20G2.},
  journal   = {HLTV.org},
  publisher = {HLTV.org ApS},
  author    = {Richards, Harry NER0},
  year      = {2023},
  month     = {Oct}
} 

@misc{Ripley_2023,
  title     = {Class: Functions for classification - The Comprehensive R Archive Network},
  url       = {https://cran.r-project.org/web/packages/class/class.pdf},
  journal   = {Package ‘class’},
  publisher = {R-Project},
  author    = {Ripley, Brian},
  year      = {2023},
  month     = {5}
}

@misc{Rosenbæk_2002,
  title     = {The home of competitive Counter-Strike},
  url       = {https://www.hltv.org/},
  journal   = {HLTV.org},
  publisher = {HLTV.org ApS},
  author    = {Rosenbæk, Martin},
  year      = {2002}
} 

@misc{Strike_2021,
  title     = {The PGL Stockholm 2021 Major},
  url       = {https://blog.counter-strike.net/index.php/2021/10/35907/},
  journal   = {Counter Strike Blog},
  publisher = {Valve Corporation},
  author    = {Strike, Counter},
  year      = {2021},
  month     = {10}
}

@misc{TheWarOwl_2012,
  title     = {What is counter-strike: Global offensive?},
  url       = {https://www.youtube.com/watch?v=yPXcGC__uKg},
  journal   = {What is Counter-Strike: Global Offensive?},
  publisher = {The War Owl},
  author    = {TheWarOwl, Brent},
  year      = {2012},
  month     = {11}
} 

@misc{Tristão_2022,
  place     = {Amsterdam},
  title     = {Global Esports and Live Streaming Market Report},
  publisher = {Newzoo},
  author    = {Tristão, Hugo},
  year      = {2022},
  month     = {4}
} 

@misc{TV_2023,
  title     = {The home of the best CS Tournaments, CS News and Esports Community!},
  url       = {https://blast.tv/article/roles-and-positions-in-cs2},
  journal   = {Exploring the different roles in CS2},
  publisher = {BLAST ApS},
  author    = {TV, Blast},
  year      = {2023},
  month     = {9}
}

@misc{Williams_2008,
  title     = {Who plays, how much, and why? debunking the stereotypical gamer profile ...},
  url       = {https://onlinelibrary.wiley.com/doi/full/10.1111/j.1083-6101.2008.00428.x},
  journal   = {Who plays, how much, and why? Debunking the stereotypical gamer profile},
  publisher = {Journal of Computer-Mediated Communication},
  author    = {Williams, Dmitri},
  year      = {2008},
  month     = {7}
}
